<?xml version="1.0" encoding="utf-8"?>
<record xmlns="http://www.loc.gov/MARC21/slim" xmlns:xsi="http://www.w3.org/2001/XMLSchema-instance" xsi:schemaLocation="http://www.loc.gov/MARC21/slim http://www.loc.gov/standards/marcxml/schema/MARC21slim.xsd">
	<leader>     nam a22     Mi 4500</leader>
	<controlfield tag="001">3370</controlfield>
	<controlfield tag="003">aeadna</controlfield>
	<controlfield tag="006">m        d        </controlfield>
	<controlfield tag="007">cr cn |||m|||a</controlfield>
	<controlfield tag="008">210727s1955  ua      0fo  ara0d1 0dara d</controlfield>
	<datafield ind1=" " ind2=" " tag="040">
		<subfield code="a">ZYU</subfield>
		<subfield code="b">ara</subfield>
		<subfield code="c">ZYU</subfield>
	</datafield>
	<datafield ind1="0" ind2=" " tag="041">
		<subfield code="a">ara</subfield>
	</datafield>
	<datafield ind1=" " ind2="4" tag="050">
		<subfield code="a">BP75.2</subfield>
		<subfield code="b">I22.1955</subfield>
	</datafield>
	<datafield ind1=" " ind2=" " tag="066">
		<subfield code="c">(3</subfield>
	</datafield>
	<datafield ind1="1" ind2="0" tag="082">
		<subfield code="a">219</subfield>
		<subfield code="b">21</subfield>
	</datafield>
	<datafield ind1="2" ind2=" " tag="100">
		<subfield code="a">ابن هشام، عبدالملك،</subfield>
		<subfield code="d">ت.834.</subfield>
	</datafield>
	<datafield ind1="1" ind2="2" tag="245">
		<subfield code="a">السيرة النبوية</subfield>
		<subfield code="h">[electronic resource] /</subfield>
		<subfield code="c"> لابن هشام؛ حققها وضبطها وشرحها ووضع فهارسها مصطفى السقا، إبراهيم الأبياري، عبدالحفيظ شلبي.</subfield>
	</datafield>
	<datafield ind1="1" ind2="3" tag="246">
		<subfield code="a">سيرة ابن هشام</subfield>
	</datafield>
	<datafield ind1=" " ind2=" " tag="250">
		<subfield code="a">ط.2</subfield>
	</datafield>
	<datafield ind1=" " ind2=" " tag="260">
		<subfield code="a">القاهرة :</subfield>
		<subfield code="b">شركة مكتبة ومطبعة مصطفى البابي الحلبي وأولاده،</subfield>
		<subfield code="c">1955م.</subfield>
	</datafield>
	<datafield ind1=" " ind2=" " tag="300">
		<subfield code="a">online resource (4ج. في 2 مج. (834 ص.،766 ص.) ؛)</subfield>
	</datafield>
	<datafield ind1=" " ind2=" " tag="490">
		<subfield code="a">تراث الإسلام؛</subfield>
	</datafield>
	<datafield ind1=" " ind2=" " tag="500">
		<subfield code="a">الكتاب عبارة عن قسمين. القسم الأول في جزأين (الجزء الأول والّثاني = 834 صفحة). والقسم الثاني في جزأين (الجزء الثالث والرابع = 766 صفحة)</subfield>
	</datafield>
	<datafield ind1=" " ind2=" " tag="500">
		<subfield code="a">في آخر كل مجلد فهارس وكشافات.</subfield>
	</datafield>
	<datafield ind1=" " ind2=" " tag="500">
		<subfield code="a">صفحة 672 من القسم الثاني. في آخر الجزء الرابع.  &quot;تم بحمد الله طبع كتاب سيرة رسول الله صلى الله عليه وسلم المعروفة &quot;بسيرة ابن هشام&quot; بشركة مكتبة ومطبعة مصطفى البابي الحلبي واولاده بالقاهرة في 8 رمضان سنة 1375هـ 19 إبريل سنة 1956م.&quot;</subfield>
	</datafield>
	<datafield ind1=" " ind2=" " tag="500">
		<subfield code="a">حالة الكتاب المادية جيدة (مجلد). الورق: أصفر.</subfield>
	</datafield>
	<datafield ind1=" " ind2=" " tag="500">
		<subfield code="a">ُيعرف الكتاب بسيرة ابن هشام</subfield>
	</datafield>
	<datafield ind1=" " ind2=" " tag="500">
		<subfield code="a">قام المحققون الثلاثة بإعداد وضبط الفهارس والكشافات للأجزاء الأربعة.</subfield>
	</datafield>
	<datafield ind1=" " ind2=" " tag="500">
		<subfield code="a">Part of the Arabic Collections Online (ACO) project, contributed by United Arab Emirates National Archives.</subfield>
	</datafield>
	<datafield ind1=" " ind2=" " tag="520">
		<subfield code="a"> يعد من أهم كتب السيرة النبوية ومصادرها الرئيسة، وهو نتاج تلخيص وتهذيب لأحد أكثر الكتب وثوقًا ألا وهو كتاب سيرة محمد بن اسحاق، والذي ألفه في عهد الخليفة العباسي أبو جعفر المنصور، فقد خرج هذا الكتاب على يد ابن هشام بكثير من الاختصار والإضافة والمعارضة بروايات أخرى ومع ذلك فقد التزم برواية ابن اسحاق فلم يزد عليها كلمة إّلا وأضاف إليها (قال ابن هشام)، في حين أَّن اختصاره كان بإلغاء ما كان قبل تاريخ سيدنا اسماعيل عليه الصلاة والسلام، وحذف الأشعار التي شك في صحتها، ومنذ تهذيب سيرة ابن اسحاق أصبحت ُتعرف بسيرة ابن هشام حيث إنها ُتعتبر من أهم الكتب قديمًا وحديثًا فلا يوجد أحد يسعى لدراسة السيرة النبوية الشريفة إّلا ويرجع لكتاب سيرة ابن هشام.</subfield>
	</datafield>
	<datafield ind1=" " ind2=" " tag="533">
		<subfield code="a">Electronic reproduction.</subfield>
		<subfield code="b">New York, N.Y. :</subfield>
		<subfield code="c">New York University,</subfield>
		<subfield code="d">2021.</subfield>
		<subfield code="5">NNU</subfield>
	</datafield>
	<datafield ind1=" " ind2="4" tag="650">
		<subfield code="a">التاريخ الإسلامي.</subfield>
	</datafield>
	<datafield ind1=" " ind2="4" tag="650">
		<subfield code="a">السيرة النبوية.</subfield>
	</datafield>
	<datafield ind1="1" ind2=" " tag="700">
		<subfield code="a">الأبيارى، إبراهيم</subfield>
		<subfield code="e">محقق.</subfield>
	</datafield>
	<datafield ind1="1" ind2=" " tag="700">
		<subfield code="a">شبلي، عبدالحفيظ</subfield>
		<subfield code="e">محقق.</subfield>
	</datafield>
	<datafield ind1="1" ind2=" " tag="700">
		<subfield code="a">السقا، مصطفى،</subfield>
		<subfield code="e">محقق</subfield>
		<subfield code="e">محقق.</subfield>
	</datafield>
	<datafield ind1="2" ind2=" " tag="710">
		<subfield code="a">Abu Dhabi (United Arab Emirates).</subfield>
		<subfield code="b">National Archives.</subfield>
	</datafield>
	<datafield ind1="0" ind2=" " tag="730">
		<subfield code="a">Arabic Collections Online.</subfield>
	</datafield>
	<datafield ind1="0" ind2="8" tag="776">
		<subfield code="i">Print version:</subfield>
		<subfield code="a">ابن هشام، عبدالملك، ت.834.</subfield>
		<subfield code="t">السيرة النبوية</subfield>
		<subfield code="w">(aeadna)3370</subfield>
	</datafield>
	<datafield ind1=" " ind2=" " tag="830">
		<subfield code="a">سلسلة تراث الإسلام؛</subfield>
	</datafield>
	<datafield ind1="4" ind2="0" tag="856">
		<subfield code="u">http://hdl.handle.net/2333.1/6wwpzt46</subfield>
	</datafield>
	<datafield ind1=" " ind2=" " tag="949">
		<subfield code="a">219 م ش س  1 (m3955</subfield>
		<subfield code="v">1</subfield>
		<subfield code="w">DDC</subfield>
		<subfield code="i">30018000000882</subfield>
		<subfield code="u">06/03/2003</subfield>
		<subfield code="d">04/26/2010</subfield>
		<subfield code="n">0</subfield>
		<subfield code="t">Book</subfield>
		<subfield code="l">i</subfield>
		<subfield code="m">MAIN</subfield>
		<subfield code="j">0</subfield>
		<subfield code="x">RAR</subfield>
	</datafield>
	<datafield ind1=" " ind2=" " tag="949">
		<subfield code="a">219 م ش س  1 (m3955</subfield>
		<subfield code="v">2</subfield>
		<subfield code="w">DDC</subfield>
		<subfield code="i">30018000015243</subfield>
		<subfield code="u">06/03/2003</subfield>
		<subfield code="d">04/26/2010</subfield>
		<subfield code="n">0</subfield>
		<subfield code="t">Book</subfield>
		<subfield code="l">i</subfield>
		<subfield code="m">MAIN</subfield>
		<subfield code="j">0</subfield>
		<subfield code="x">RAR</subfield>
	</datafield>
	<datafield ind1=" " ind2=" " tag="959">
		<subfield code="a">NNU</subfield>
		<subfield code="b">WEB</subfield>
		<subfield code="c">GENI</subfield>
		<subfield code="t">0</subfield>
		<subfield code="m">Electronic access</subfield>
		<subfield code="s">01</subfield>
	</datafield>
	<datafield ind1=" " ind2=" " tag="999">
		<subfield code="i">aeadna_3370</subfield>
		<subfield code="s">uaena_aco000030:1</subfield>
		<subfield code="s">uaena_aco000024:2</subfield>
		<subfield code="s">uaena_aco000043:3&amp;4</subfield>
		<subfield code="s">uaena_aco000023:4</subfield>
		<subfield code="e">(ERROR-880)</subfield>
	</datafield>
</record>
